@misc{Ethereum,
	author = {},
	title = {{E}thereum {V}irtual {M}achine ({E}{V}{M}) | ethereum.org --- ethereum.org},
	howpublished = {\url{https://ethereum.org/en/developers/docs/evm/}},
	year = {},
	note = {[Accessed 16-05-2024]},
}

@article{Goldwasser1989,
	title     = {The Knowledge Complexity of Interactive Proof Systems},
	volume    = {18},
	issn      = {1095-7111},
	url       = {http://dx.doi.org/10.1137/0218012},
	doi       = {10.1137/0218012},
	number    = {1},
	journal   = {SIAM Journal on Computing},
	publisher = {Society for Industrial & Applied Mathematics (SIAM)},
	author    = {Goldwasser,  Shafi and Micali,  Silvio and Rackoff,  Charles},
	year      = {1989},
	month     = feb,
	pages     = {186-208}
} 

@article{Goldreich1991,
	title     = {Proofs that yield nothing but their validity or all languages in NP have zero-knowledge proof systems},
	author    = {Goldreich, Oded and Micali, Silvio and Wigderson, Avi},
	journal   = {Journal of the ACM (JACM)},
	volume    = {38},
	number    = {3},
	pages     = {690--728},
	year      = {1991},
	publisher = {ACM New York, NY, USA}
}

@inproceedings{Goldwasser1986,
	series     = {STOC ’86},
	title      = {Private coins versus public coins in interactive proof systems},
	url        = {http://dx.doi.org/10.1145/12130.12137},
	doi        = {10.1145/12130.12137},
	booktitle  = {Proceedings of the eighteenth annual ACM symposium on Theory of computing  - STOC ’86},
	publisher  = {ACM Press},
	author     = {Goldwasser,  S and Sipser,  M},
	year       = {1986},
	collection = {STOC ’86}
}

@inbook{Fiat1986,
	title     = {How To Prove Yourself: Practical Solutions to Identification and Signature Problems},
	isbn      = {9783540180470},
	url       = {http://dx.doi.org/10.1007/3-540-47721-7_12},
	doi       = {10.1007/3-540-47721-7_12},
	booktitle = {Lecture Notes in Computer Science},
	publisher = {Springer Berlin Heidelberg},
	author    = {Fiat,  Amos and Shamir,  Adi},
	pages     = {186-194}
}

@misc{SassonSTARKs,
	author = {Eli Ben-Sasson and Iddo Bentov and Yinon Horesh and Michael Riabzev},
	title = {Scalable, transparent, and post-quantum secure computational integrity},
	howpublished = {Cryptology {ePrint} Archive, Paper 2018/046},
	year = {2018},
	url = {https://eprint.iacr.org/2018/046}
}

@misc{CircleStarks,
	author = {Ulrich Haböck and David Levit and Shahar Papini},
	title = {Circle {STARKs}},
	howpublished = {Cryptology {ePrint} Archive, Paper 2024/278},
	year = {2024},
	url = {https://eprint.iacr.org/2024/278}
}

@misc{Plonky2,
	author = {},
	title = {plonky2/plonky2/plonky2.pdf at main · 0x{P}olygon{Z}ero/plonky2 --- github.com},
	howpublished = {\url{https://github.com/0xPolygonZero/plonky2/blob/main/plonky2/plonky2.pdf}},
	year = {},
	note = {[Accessed 20-11-2024]},
}

@misc{Plonky3,
	author = {},
	title = {{G}it{H}ub - {P}lonky3/{P}lonky3: {A} toolkit for polynomial {I}{O}{P}s ({P}{I}{O}{P}s) --- github.com},
	howpublished = {\url{https://github.com/Plonky3/Plonky3}},
	year = {},
	note = {[Accessed 20-11-2024]},
}

@misc{Binius,
	author = {Benjamin E. Diamond and Jim Posen},
	title = {Succinct Arguments over Towers of Binary Fields},
	howpublished = {Cryptology {ePrint} Archive, Paper 2023/1784},
	year = {2023},
	url = {https://eprint.iacr.org/2023/1784}
}

@misc{FreshmansDream,
	author = "Wikipedia",
	title = "{Freshman's dream} --- {W}ikipedia{,} The Free Encyclopedia",
	year = "2024",
	howpublished = {\url{http://en.wikipedia.org/w/index.php?title=Freshman's\%20dream&oldid=1252273320}},
	note = "[Online; accessed 20-November-2024]"
}

@misc{Wiedemann86,
	author = {Doug Wiedemann},
	title = {fq.math.ca},
	howpublished = {\url{https://www.fq.math.ca/Scanned/26-4/wiedemann.pdf}},
	year = {1986},
	note = {[Accessed 20-11-2024]},
}
