@misc{ethereumEthereumWhitepaper,
	author = {},
	title = {{E}thereum {W}hitepaper --- ethereum.org},
	howpublished = {\url{https://ethereum.org/en/whitepaper/}},
	year = {},
	note = {[Accessed 28-05-2025]},
}

@misc{ethereumWhitePaperPdf,
	author = {Vitalik Buterin},
	title = {Ethereum: A Next-Generation Smart Contract and Decentralized Application Platform.},
	howpublished = {\url{https://ethereum.org/content/whitepaper/whitepaper-pdf/Ethereum_Whitepaper_-_Buterin_2014.pdf}},
	year = {},
	note = {[Accessed 28-05-2025]},
}

@misc{VitalikGasper,
  doi = {10.48550/ARXIV.2003.03052},
  url = {https://arxiv.org/abs/2003.03052},
  author = {Buterin,  Vitalik and Hernandez,  Diego and Kamphefner,  Thor and Pham,  Khiem and Qiao,  Zhi and Ryan,  Danny and Sin,  Juhyeok and Wang,  Ying and Zhang,  Yan X},
  keywords = {Cryptography and Security (cs.CR),  FOS: Computer and information sciences,  FOS: Computer and information sciences,  68W15},
  title = {Combining GHOST and Casper},
  publisher = {arXiv},
  year = {2020},
  copyright = {arXiv.org perpetual,  non-exclusive license}
}

@misc{ethereumConsensusMechanisms,
	author = {},
	title = {{C}onsensus mechanisms --- ethereum.org},
	howpublished = {\url{https://ethereum.org/en/developers/docs/consensus-mechanisms/}},
	year = {},
	note = {[Accessed 29-05-2025]},
}
@misc{ethereumEthereumVirtual,
	author = {},
	title = {{E}thereum {V}irtual {M}achine ({E}{V}{M}) --- ethereum.org},
	howpublished = {\url{https://ethereum.org/en/developers/docs/evm/}},
	year = {},
	note = {[Accessed 29-05-2025]},
}

@article{GoldreichNPProofs,
  title     = {Proofs that yield nothing but their validity or all languages in NP have zero-knowledge proof systems},
  author    = {Goldreich, Oded and Micali, Silvio and Wigderson, Avi},
  journal   = {Journal of the ACM (JACM)},
  volume    = {38},
  number    = {3},
  pages     = {690--728},
  year      = {1991},
  publisher = {ACM New York, NY, USA}
}

@inbook{FiatShamir,
  title     = {How To Prove Yourself: Practical Solutions to Identification and Signature Problems},
  isbn      = {9783540180470},
  url       = {http://dx.doi.org/10.1007/3-540-47721-7_12},
  doi       = {10.1007/3-540-47721-7_12},
  booktitle = {Lecture Notes in Computer Science},
  publisher = {Springer Berlin Heidelberg},
  author    = {Fiat,  Amos and Shamir,  Adi},
  pages     = {186-194}
}

@misc{BCCT11,
      author = {Nir Bitansky and Ran Canetti and Alessandro Chiesa and Eran Tromer},
      title = {From Extractable Collision Resistance to Succinct Non-Interactive Arguments of Knowledge, and Back Again},
      howpublished = {Cryptology {ePrint} Archive, Paper 2011/443},
      year = {2011},
      url = {https://eprint.iacr.org/2011/443}
}

@misc{JustinDrakeBeamchain,
	author = {},
	title = { - {Y}ou{T}ube --- youtube.com},
	howpublished = {\url{https://www.youtube.com/watch?v=lRqnFrqpq4k}},
	year = {},
	note = {[Accessed 31-05-2025]},
}

@misc{NativeRollups,
	author = {},
	title = {{N}ative rollupsâ€”superpowers from {L}1 execution --- ethresear.ch},
	howpublished = {\url{https://ethresear.ch/t/native-rollups-superpowers-from-l1-execution/21517}},
	year = {},
	note = {[Accessed 31-05-2025]},
}
